<?xml version="1.0" encoding="UTF-8"?>
<ting:container xmlns:ting="http://www.dbc.dk/ting" xmlns:dkabm="http://biblstandard.dk/abm/namespace/dkabm/" xmlns:ac="http://biblstandard.dk/ac/namespace/" xmlns:dkdcplus="http://biblstandard.dk/abm/namespace/dkdcplus/" xmlns:oss="http://oss.dbc.dk/ns/osstypes" xmlns:dc="http://purl.org/dc/elements/1.1/" xmlns:dcterms="http://purl.org/dc/terms/" xmlns:xsi="http://www.w3.org/2001/XMLSchema-instance" xmlns:docbook="http://docbook.org/ns/docbook"><dkabm:record><ac:identifier>43917129|870970</ac:identifier><ac:source>Bibliotekskatalog</ac:source><dc:title>No country for old men</dc:title><dc:title xsi:type="dkdcplus:full">No country for old men</dc:title><dc:creator xsi:type="dkdcplus:aut">Cormac McCarthy</dc:creator><dc:creator xsi:type="oss:sort">McCarthy, Cormac</dc:creator><dc:subject xsi:type="dkdcplus:DK5">83.8</dc:subject><dc:subject xsi:type="dkdcplus:DK5-Text">Amerikansk skønlitteratur</dc:subject><dc:subject xsi:type="dkdcplus:DBCS">gangstere</dc:subject><dc:subject xsi:type="dkdcplus:DBCS">narkotika</dc:subject><dc:subject xsi:type="dkdcplus:DBCS">spændende bøger</dc:subject><dcterms:abstract>På en jagttur i det sydlige Texas finder Llewelyn Moss et par biler, fyldt med døde mænd, og en taske fyldt med kontanter. Den tidligere Vietnam-veteran, beslutter sig for at beholde pengene, men det skulle han måske ikke have gjort. Snart har han gangsterne og politiet i hælene, og en blodig jagt går i gang</dcterms:abstract><dc:description>På omslaget: Unabridged books on disc</dc:description><dcterms:audience>voksenmaterialer</dcterms:audience><dc:publisher>Clipper Audio</dc:publisher><dc:publisher>Howes</dc:publisher><dc:contributor>Tom Stechschulte</dc:contributor><dc:date>2006</dc:date><dc:type xsi:type="dkdcplus:BibDK-Type">Lydbog (cd)</dc:type><dc:format>7 cd'ere i 1 mappe</dc:format><dcterms:extent>ca. 7 t., 30 min</dcterms:extent><dc:identifier xsi:type="dkdcplus:ISBN">1-84632-357-6</dc:identifier><dc:language xsi:type="dcterms:ISO639-2">eng</dc:language><dc:language>Engelsk</dc:language><dcterms:spatial xsi:type="dkdcplus:DBCS">USA</dcterms:spatial><dcterms:spatial xsi:type="dkdcplus:DBCS">Texas</dcterms:spatial></dkabm:record><marcx:collection xmlns:marcx="info:lc/xmlns/marcxchange-v1"><marcx:record format="danMARC2" type="Bibliographic"><marcx:leader>00000n    2200000   4500</marcx:leader><marcx:datafield tag="001" ind1="0" ind2="0"><marcx:subfield code="a">43917129</marcx:subfield><marcx:subfield code="b">870970</marcx:subfield><marcx:subfield code="c">20060720135244</marcx:subfield><marcx:subfield code="d">20060720</marcx:subfield><marcx:subfield code="f">a</marcx:subfield></marcx:datafield><marcx:datafield tag="002" ind1="0" ind2="0"><marcx:subfield code="b">710100</marcx:subfield><marcx:subfield code="c">92131092</marcx:subfield><marcx:subfield code="x">71010092131092</marcx:subfield></marcx:datafield><marcx:datafield tag="004" ind1="0" ind2="0"><marcx:subfield code="r">c</marcx:subfield><marcx:subfield code="a">e</marcx:subfield></marcx:datafield><marcx:datafield tag="005" ind1="0" ind2="0"><marcx:subfield code="z">p</marcx:subfield></marcx:datafield><marcx:datafield tag="008" ind1="0" ind2="0"><marcx:subfield code="t">m</marcx:subfield><marcx:subfield code="u">f</marcx:subfield><marcx:subfield code="a">2006</marcx:subfield><marcx:subfield code="b">gb</marcx:subfield><marcx:subfield code="j">f</marcx:subfield><marcx:subfield code="l">eng</marcx:subfield><marcx:subfield code="v">0</marcx:subfield></marcx:datafield><marcx:datafield tag="009" ind1="0" ind2="0"><marcx:subfield code="a">r</marcx:subfield><marcx:subfield code="g">xc</marcx:subfield></marcx:datafield><marcx:datafield tag="021" ind1="0" ind2="0"><marcx:subfield code="a">1-84632-357-6</marcx:subfield><marcx:subfield code="n">CU292</marcx:subfield></marcx:datafield><marcx:datafield tag="100" ind1="0" ind2="0"><marcx:subfield code="A">maccarthy</marcx:subfield><marcx:subfield code="a">McCarthy</marcx:subfield><marcx:subfield code="h">Cormac</marcx:subfield></marcx:datafield><marcx:datafield tag="245" ind1="0" ind2="0"><marcx:subfield code="a">No country for old men</marcx:subfield><marcx:subfield code="e">Cormac McCarthy</marcx:subfield><marcx:subfield code="e">narrated by Tom Stechschulte</marcx:subfield></marcx:datafield><marcx:datafield tag="260" ind1="0" ind2="0"><marcx:subfield code="a">London</marcx:subfield><marcx:subfield code="b">Clipper Audio</marcx:subfield><marcx:subfield code="a">Rearsby, Leicester</marcx:subfield><marcx:subfield code="b">Howes</marcx:subfield><marcx:subfield code="c">2006</marcx:subfield></marcx:datafield><marcx:datafield tag="300" ind1="0" ind2="0"><marcx:subfield code="n">7 cd'ere i 1 mappe</marcx:subfield><marcx:subfield code="l">ca. 7 t., 30 min</marcx:subfield></marcx:datafield><marcx:datafield tag="504" ind1="0" ind2="0"><marcx:subfield code="a">På en jagttur i det sydlige Texas finder Llewelyn Moss et par biler, fyldt med døde mænd, og en taske fyldt med kontanter. Den tidligere Vietnam-veteran, beslutter sig for at beholde pengene, men det skulle han måske ikke have gjort. Snart har han gangsterne og politiet i hælene, og en blodig jagt går i gang</marcx:subfield></marcx:datafield><marcx:datafield tag="512" ind1="0" ind2="0"><marcx:subfield code="a">På omslaget: Unabridged books on disc</marcx:subfield></marcx:datafield><marcx:datafield tag="520" ind1="0" ind2="0"><marcx:subfield code="a">Gengivelse af bogen</marcx:subfield></marcx:datafield><marcx:datafield tag="520" ind1="0" ind2="0"><marcx:subfield code="a">Bogens originaludgave: 2005</marcx:subfield></marcx:datafield><marcx:datafield tag="652" ind1="0" ind2="0"><marcx:subfield code="m">83.8</marcx:subfield></marcx:datafield><marcx:datafield tag="666" ind1="0" ind2="0"><marcx:subfield code="s">spændende bøger</marcx:subfield></marcx:datafield><marcx:datafield tag="666" ind1="0" ind2="0"><marcx:subfield code="s">gangstere</marcx:subfield></marcx:datafield><marcx:datafield tag="666" ind1="0" ind2="0"><marcx:subfield code="s">narkotika</marcx:subfield></marcx:datafield><marcx:datafield tag="666" ind1="0" ind2="0"><marcx:subfield code="q">USA</marcx:subfield></marcx:datafield><marcx:datafield tag="666" ind1="0" ind2="0"><marcx:subfield code="q">Texas</marcx:subfield></marcx:datafield><marcx:datafield tag="700" ind1="0" ind2="0"><marcx:subfield code="a">Stechschulte</marcx:subfield><marcx:subfield code="h">Tom</marcx:subfield></marcx:datafield><marcx:datafield tag="996" ind1="0" ind2="0"><marcx:subfield code="a">710100</marcx:subfield></marcx:datafield><marcx:datafield tag="n55" ind1="0" ind2="0"><marcx:subfield code="a">20060720</marcx:subfield></marcx:datafield></marcx:record></marcx:collection><oss:openurl/><adminData><creationDate>2006-07-20</creationDate><libraryType>none</libraryType><indexingAlias>danmarcxchange</indexingAlias><accessType>physical</accessType><genre>fiktion</genre><collectionIdentifier>870970-basis</collectionIdentifier></adminData></ting:container>